@manual{sample,
  author = {TU Dortmund},
  title = {Versuch zum Literaturverzeichnis},
  year = 2014
}

@manual{web,
  title = {The Engineering Toolbox },
  note = {Eingesehen am 20.01.2020},
  url = {https://www.engineeringtoolbox.com/thermal-conductivity-metals-d_858.html},
  howpublished = "\url{https://www.engineeringtoolbox.com/thermal-conductivity-metals-d_858.html}",
}