@manual{sample,
  author = {TU Dortmund},
  title = {Versuch zum Literaturverzeichnis},
  year = 2014
}
@manual{gas,
  title = {Wikipedia, Gaskonstante},
  note = {Eingesehen am 28.01.2020},
  url = {https://de.wikipedia.org/wiki/Gaskonstante},
  howpublished = "\url{https://de.wikipedia.org/wiki/Gaskonstante}",
}
@manual{warm,
  title = {Wikibooks, Tabellensammlung Chemie},
  note = {Eingesehen am 29.01.2020},
  url = {https://de.wikibooks.org/wiki/Tabellensammlung_Chemie/_spezifische_W채rmekapazit채ten},
  howpublished = "\url{https://de.wikibooks.org/wiki/Tabellensammlung_Chemie/_spezifische_W채rmekapazit채ten}",
}